% This file was created with JabRef 2.10.
% Encoding: UTF-8


@Article{Hro14,
  Title                    = {de Broglie wave-front curvature induced by electric-field gradients and its effect on precision measurements with an atom interferometer},
  Author                   = {Hromada, Ivan and Trubko, Raisa and Holmgren, William F. and Gregoire, Maxwell D. and Cronin, Alexander D.},
  Journal                  = {Phys. Rev. A},
  Year                     = {2014},

  Month                    = {Mar},
  Pages                    = {033612},
  Volume                   = {89},

  Doi                      = {10.1103/PhysRevA.89.033612},
  Issue                    = {3},
  Numpages                 = {10},
  Publisher                = {American Physical Society},
  Url                      = {http://link.aps.org/doi/10.1103/PhysRevA.89.033612}
}

